<record><leader>00000cas a22000007a 4500</leader><controlfield tag="001">16627222</controlfield><controlfield tag="008">870901d18721874iauwr ne      0    0eng d</controlfield><datafield ind1=" " ind2=" " tag="010"><subfield code="a">sn 87057819 </subfield></datafield><datafield ind1=" " ind2=" " tag="040"><subfield code="a">INP</subfield><subfield code="b">eng</subfield><subfield code="c">INP</subfield><subfield code="d">OCLCQ</subfield></datafield><datafield ind1=" " ind2=" " tag="042"><subfield code="a">msc</subfield></datafield><datafield ind1="0" ind2=" " tag="130"><subfield code="a">Lyon County press (Doon, Iowa : 1872)</subfield></datafield><datafield ind1="1" ind2="0" tag="245"><subfield code="a">Lyon County press.</subfield></datafield><datafield ind1=" " ind2=" " tag="260"><subfield code="a">Doon, Lyon County, Iowa :</subfield><subfield code="b">L.B. Raymond,</subfield><subfield code="c">1872-</subfield></datafield><datafield ind1=" " ind2=" " tag="300"><subfield code="a">v.</subfield></datafield><datafield ind1=" " ind2=" " tag="310"><subfield code="a">Weekly</subfield></datafield><datafield ind1="0" ind2=" " tag="362"><subfield code="a">Vol. 1, no. 1 (Sept. 20, 1872)-</subfield></datafield><datafield ind1="1" ind2=" " tag="362"><subfield code="a">Ceased in 1874?</subfield></datafield><datafield ind1=" " ind2=" " tag="752"><subfield code="a">United States</subfield><subfield code="b">Iowa</subfield><subfield code="c">Lyon</subfield><subfield code="d">Doon.</subfield></datafield></record>